<?xml version="1.0" encoding="UTF-8"?><record xmlns="http://www.loc.gov/MARC21/slim" xmlns:cinclude="http://apache.org/cocoon/include/1.0" xmlns:zs="http://www.loc.gov/zing/srw/">
  <leader>00657cz  a2200157n  4500</leader>
  <controlfield tag="001">n  98924377 </controlfield>
  <controlfield tag="003">DLC</controlfield>
  <controlfield tag="005">20120808083948.0</controlfield>
  <controlfield tag="008">980819n| acannaab           |a aaa      </controlfield>
  <datafield tag="010" ind1=" " ind2=" ">
    <subfield code="a">n  98924377 </subfield>
  </datafield>
  <datafield tag="040" ind1=" " ind2=" ">
    <subfield code="a">DLC</subfield>
    <subfield code="b">eng</subfield>
    <subfield code="c">DLC</subfield>
    <subfield code="d">DLC</subfield>
  </datafield>
  <datafield tag="100" ind1="0" ind2=" ">
    <subfield code="a">Raghbir Singh,</subfield>
    <subfield code="c">senior-lecturer</subfield>
  </datafield>
  <datafield tag="400" ind1="1" ind2=" ">
    <subfield code="a">Singh. R.</subfield>
    <subfield code="q">(Raghbir),</subfield>
    <subfield code="c">senior-lecturer</subfield>
  </datafield>
  <datafield tag="400" ind1="1" ind2=" ">
    <subfield code="a">Singh, Raghbir,</subfield>
    <subfield code="c">senior-lecturer</subfield>
  </datafield>
  <datafield tag="667" ind1=" " ind2=" ">
    <subfield code="a">THIS 1XX FIELD CANNOT BE USED UNDER RDA UNTIL THIS RECORD HAS BEEN REVIEWED AND/OR UPDATED</subfield>
  </datafield>
  <datafield tag="670" ind1=" " ind2=" ">
    <subfield code="a">Akali movement, 1926-1947, 1997:</subfield>
    <subfield code="b">t.p. (Raghbir Singh) spine (R. Singh) jkt. (sr.-lect., Hist. Dept., Sri Guru Teg Bahadur Khalsa Post Grad. Evening Coll., U. of Delhi)</subfield>
  </datafield>
</record>